<?xml version="1.0" encoding="UTF-8"?><collection xmlns="http://www.loc.gov/MARC21/slim"><record><leader>00511nam--2200121-i-4500</leader><controlfield tag="001">000028700</controlfield><controlfield tag="002">20161230</controlfield><controlfield tag="005">20161230201037</controlfield><controlfield tag="008">060222s1000------------r-----000-0-eng-d</controlfield><datafield ind1=" " ind2=" " tag="080"><subfield code="a">550.34.016:621.039.583</subfield></datafield><datafield ind1=" " ind2=" " tag="245"><subfield code="a">Les mouvements sismiques de reference du sol dans l`evaluation de la surete des installations nucleaires. rapport sur l`etat des connaissances etabli par un group d`expert du comite de l`aen sur la surete des installations nucleaires, juin 1980</subfield></datafield><datafield ind1=" " ind2=" " tag="260"><subfield code="a">Paris, Ocde, 1980, 142p</subfield></datafield><datafield ind1=" " ind2=" " tag="852"><subfield code="a">49018</subfield></datafield></record></collection>